<?xml version='1.0' encoding='UTF-8'?>
<record xmlns="http://www.loc.gov/MARC21/slim">
  <leader>02015cam a22003615  4500</leader>
  <controlfield tag="001">2834879</controlfield>
  <controlfield tag="003">NjP</controlfield>
  <controlfield tag="005">20171019170351.0</controlfield>
  <controlfield tag="008">991202s1953    jo a          000 0 ara d</controlfield>
  <datafield tag="024" ind1="7" ind2=" ">
    <subfield code="a">princeton_aco001995</subfield>
    <subfield code="2">local</subfield>
  </datafield>
  <datafield ind1=" " ind2=" " tag="035">
    <subfield code="a">(OCoLC)ocn178127104</subfield>
  </datafield>
  <datafield ind1=" " ind2=" " tag="035">
    <subfield code="a">(OCoLC)ocm42914940</subfield>
  </datafield>
  <datafield ind1=" " ind2=" " tag="035">
    <subfield code="a">(OCoLC)178127104</subfield>
  </datafield>
  <datafield ind1=" " ind2=" " tag="035">
    <subfield code="9">CNR7305TS</subfield>
  </datafield>
  <datafield ind1=" " ind2=" " tag="035">
    <subfield code="a">(NjP)2834879</subfield>
  </datafield>
  <datafield ind1=" " ind2=" " tag="040">
    <subfield code="a">PUL</subfield>
    <subfield code="c">PUL</subfield>
    <subfield code="d">PUL</subfield>
  </datafield>
  <datafield ind1=" " ind2=" " tag="049">
    <subfield code="a">PULL</subfield>
  </datafield>
  <datafield ind1=" " ind2=" " tag="079">
    <subfield code="a">ocm42914940</subfield>
  </datafield>
  <datafield ind1="0" ind2=" " tag="130">
    <subfield code="6">880-01</subfield>
    <subfield code="a">Ghurfat Tijārat wa-Ṣināʻat ʻAmmān.</subfield>
  </datafield>
  <datafield ind1="0" ind2="0" tag="245">
    <subfield code="6">880-02</subfield>
    <subfield code="a">Ghurfat tijārat wa-ṣināʻat ʻAmmān tastaʻriḍu al-taṭawwur al-iqtiṣādī fī al-Mamlakah al-Urdunīyah al-Hāshimīyah:</subfield>
    <subfield code="b">naẓarāt wa-iḥṣāʼāt bi-munāsabat al-Muʼtamar al-thālith li-ghuraf al-tijārah wa-al-ṣināʻah wa-al-zirāʻah fī al-bilād al-ʻArabīyah al-munʻaqid fī Dimashq 1953.</subfield>
    <subfield code="c">Bi-qalam ʻAlī al-Dajjānī.</subfield>
  </datafield>
  <datafield ind1="1" ind2="4" tag="246">
    <subfield code="6">880-03</subfield>
    <subfield code="a">Taṭawwur al-iqtiṣādī fī al-Mamlakah al-Urdunīyah al-Hāshimīyah</subfield>
  </datafield>
  <datafield ind1=" " ind2=" " tag="260">
    <subfield code="6">880-04</subfield>
    <subfield code="a">[ʻAmmān,</subfield>
    <subfield code="c">1953?]</subfield>
  </datafield>
  <datafield ind1=" " ind2=" " tag="300">
    <subfield code="a">75 p.</subfield>
    <subfield code="b">illus.</subfield>
    <subfield code="c">25 cm.</subfield>
  </datafield>
  <datafield ind1=" " ind2=" " tag="546">
    <subfield code="a">In Arabic.</subfield>
  </datafield>
  <datafield ind1=" " ind2="0" tag="651">
    <subfield code="a">Jordan</subfield>
    <subfield code="x">Economic conditions.</subfield>
    <subfield code="0">http://id.loc.gov/authorities/subjects/sh2008115673</subfield>
  </datafield>
  <datafield ind1="1" ind2=" " tag="700">
    <subfield code="6">880-05</subfield>
    <subfield code="a">Dajjānī, ʻAlī.</subfield>
  </datafield>
  <datafield ind1="0" ind2=" " tag="880">
    <subfield code="6">130-01/r</subfield>
    <subfield code="a">غرفة تجارة وصناعة عمان.</subfield>
  </datafield>
  <datafield ind1="0" ind2="0" tag="880">
    <subfield code="6">245-02/r</subfield>
    <subfield code="a">غرفة تجارة وصناعة عمان تستعرض التطور الاقتصادي في المملكة الاردنية الهاشمية:</subfield>
    <subfield code="b">نظرات واحصاءات بمناسبة المؤتمر الثالث لغرف التجارة والصناعة والزراعة في البلاد العربية المنعقد في دمشق 1953.</subfield>
    <subfield code="c">بقلم علي الدجاني.</subfield>
  </datafield>
  <datafield ind1="1" ind2="4" tag="880">
    <subfield code="6">246-03/r</subfield>
    <subfield code="a">تطور الاقتصادي في المملكة الاردنية الهاشمية</subfield>
  </datafield>
  <datafield ind1=" " ind2=" " tag="880">
    <subfield code="6">260-04/r</subfield>
    <subfield code="a">[عمان،</subfield>
    <subfield code="c">1953؟]</subfield>
  </datafield>
  <datafield ind1="1" ind2=" " tag="880">
    <subfield code="6">700-05/r</subfield>
    <subfield code="a">دجاني، علي.</subfield>
  </datafield>
  <datafield ind1=" " ind2=" " tag="911">
    <subfield code="a">20000220</subfield>
  </datafield>
  <datafield ind1=" " ind2=" " tag="994">
    <subfield code="a">C0</subfield>
    <subfield code="b">PUL</subfield>
  </datafield>
  <datafield ind1=" " ind2=" " tag="999">
    <subfield code="a">2834879</subfield>
  </datafield>
  <datafield ind1="0" ind2="0" tag="852">
    <subfield code="0">3147336</subfield>
    <subfield code="b">nec</subfield>
    <subfield code="t">1</subfield>
    <subfield code="h">HC415.26</subfield>
    <subfield code="i">.G487 1953</subfield>
  </datafield>
  <datafield ind1=" " ind2=" " tag="959">
    <subfield code="a">2009-06-30 09:39:16 -0400</subfield>
  </datafield>
</record>
